@inproceedings{Ager:2012,
 author = {Ager, Bernhard and Chatzis, Nikolaos and Feldmann, Anja and Sarrar, Nadi and Uhlig, Steve and Willinger, Walter},
 title = {Anatomy of a Large European IXP},
 booktitle = {Proceedings of the ACM SIGCOMM 2012 Conference on Applications, Technologies, Architectures, and Protocols for Computer Communication},
 series = {SIGCOMM '12},
 year = {2012},
 isbn = {978-1-4503-1419-0},
 location = {Helsinki, Finland},
 pages = {163--174},
 numpages = {12},
 url = {http://doi.acm.org/10.1145/2342356.2342393},
 doi = {10.1145/2342356.2342393},
 acmid = {2342393},
 publisher = {ACM},
 address = {New York, NY, USA},
 keywords = {internet exchange points, internet topology, traffic characterization},
} 

@article{Chatzis:2013,
 author = {Chatzis, Nikolaos and Smaragdakis, Georgios and Feldmann, Anja and Willinger, Walter},
 title = {There is More to IXPs Than Meets the Eye},
 journal = {SIGCOMM Comput. Commun. Rev.},
 issue_date = {October 2013},
 volume = {43},
 number = {5},
 month = nov,
 year = {2013},
 issn = {0146-4833},
 pages = {19--28},
 numpages = {10},
 url = {http://doi.acm.org/10.1145/2541468.2541473},
 doi = {10.1145/2541468.2541473},
 acmid = {2541473},
 publisher = {ACM},
 address = {New York, NY, USA},
 keywords = {content delivery, internet exchange point, peering},
} 

@inproceedings{Giotsas:2013,
 author = {Giotsas, Vasileios and Zhou, Shi and Luckie, Matthew and claffy, kc},
 title = {Inferring Multilateral Peering},
 booktitle = {Proceedings of the Ninth ACM Conference on Emerging Networking Experiments and Technologies},
 series = {CoNEXT '13},
 year = {2013},
 isbn = {978-1-4503-2101-3},
 location = {Santa Barbara, California, USA},
 pages = {247--258},
 numpages = {12},
 url = {http://doi.acm.org/10.1145/2535372.2535390},
 doi = {10.1145/2535372.2535390},
 acmid = {2535390},
 publisher = {ACM},
 address = {New York, NY, USA},
 keywords = {as relationships, bgp, ixp, multilateral peering, routing policies, topology},
} 

@article{Lodhi:2014,
 author = {Lodhi, Aemen and Larson, Natalie and Dhamdhere, Amogh and Dovrolis, Constantine and claffy, kc},
 title = {Using peeringDB to Understand the Peering Ecosystem},
 journal = {SIGCOMM Comput. Commun. Rev.},
 issue_date = {April 2014},
 volume = {44},
 number = {2},
 month = apr,
 year = {2014},
 issn = {0146-4833},
 pages = {20--27},
 numpages = {8},
 url = {http://doi.acm.org/10.1145/2602204.2602208},
 doi = {10.1145/2602204.2602208},
 acmid = {2602208},
 publisher = {ACM},
 address = {New York, NY, USA},
 keywords = {interdomain, internet, peering, peeringdb},
} 



@inproceedings{Richter:2014,
 author = {Richter, Philipp and Smaragdakis, Georgios and Feldmann, Anja and Chatzis, Nikolaos and Boettger, Jan and Willinger, Walter},
 title = {Peering at Peerings: On the Role of IXP Route Servers},
 booktitle = {Proceedings of the 2014 Conference on Internet Measurement Conference},
 series = {IMC '14},
 year = {2014},
 isbn = {978-1-4503-3213-2},
 location = {Vancouver, BC, Canada},
 pages = {31--44},
 numpages = {14},
 url = {http://doi.acm.org/10.1145/2663716.2663757},
 doi = {10.1145/2663716.2663757},
 acmid = {2663757},
 publisher = {ACM},
 address = {New York, NY, USA},
 keywords = {bgp, internet exchange point (ixp), peering, routing},
} 

@inproceedings{Kotronis:2015,
 author = {Kotronis, Vasileios and Kl\"{o}ti, Rowan and Rost, Matthias and Georgopoulos, Panagiotis and Ager, Bernhard and Schmid, Stefan and Dimitropoulos, Xenofontas},
 title = {Investigating the Potential of the Inter-IXP Multigraph for the Provisioning of Guaranteed End-to-End Services},
 booktitle = {Proceedings of the 2015 ACM SIGMETRICS International Conference on Measurement and Modeling of Computer Systems},
 series = {SIGMETRICS '15},
 year = {2015},
 isbn = {978-1-4503-3486-0},
 location = {Portland, Oregon, USA},
 pages = {429--430},
 numpages = {2},
 url = {http://doi.acm.org/10.1145/2745844.2745877},
 doi = {10.1145/2745844.2745877},
 acmid = {2745877},
 publisher = {ACM},
 address = {New York, NY, USA},
 keywords = {embedding, euroix, internet exchange point, qos},
} 

@inproceedings{Giotsas:2015:MPI:2716281.2836122,
 author = {Giotsas, Vasileios and Smaragdakis, Georgios and Huffaker, Bradley and Luckie, Matthew and claffy, kc},
 title = {Mapping Peering Interconnections to a Facility},
 booktitle = {Proceedings of the 11th ACM Conference on Emerging Networking Experiments and Technologies},
 series = {CoNEXT '15},
 year = {2015},
 isbn = {978-1-4503-3412-9},
 location = {Heidelberg, Germany},
 pages = {37:1--37:13},
 articleno = {37},
 numpages = {13},
 url = {http://doi.acm.org/10.1145/2716281.2836122},
 doi = {10.1145/2716281.2836122},
 acmid = {2836122},
 publisher = {ACM},
 address = {New York, NY, USA},
 keywords = {interconnections, internet mapping, peering facilities},
} 

@inproceedings{nomikos2016traixroute,
  title={traIXroute: Detecting IXPs in traceroute paths},
  author={Nomikos, George and Dimitropoulos, Xenofontas},
  booktitle={International Conference on Passive and Active Network Measurement},
  pages={346--358},
  year={2016},
  organization={Springer}
}

@inproceedings{Giotsas:2014:ICR:2663716.2663743,
 author = {Giotsas, Vasileios and Luckie, Matthew and Huffaker, Bradley and claffy, kc},
 title = {Inferring Complex AS Relationships},
 booktitle = {Proceedings of the 2014 Conference on Internet Measurement Conference},
 series = {IMC '14},
 year = {2014},
 isbn = {978-1-4503-3213-2},
 location = {Vancouver, BC, Canada},
 pages = {23--30},
 numpages = {8},
 url = {http://doi.acm.org/10.1145/2663716.2663743},
 doi = {10.1145/2663716.2663743},
 acmid = {2663743},
 publisher = {ACM},
 address = {New York, NY, USA},
 keywords = {as relationships, complex routing policies},
} 


@inproceedings{Kotronis:2017:STC:3131365.3131388,
 author = {Kotronis, Vasileios and Nomikos, George and Manassakis, Lefteris and Mavrommatis, Dimitris and Dimitropoulos, Xenofontas},
 title = {Shortcuts Through Colocation Facilities},
 booktitle = {Proceedings of the 2017 Internet Measurement Conference},
 series = {IMC '17},
 year = {2017},
 isbn = {978-1-4503-5118-8},
 location = {London, United Kingdom},
 pages = {470--476},
 numpages = {7},
 url = {http://doi.acm.org/10.1145/3131365.3131388},
 doi = {10.1145/3131365.3131388},
 acmid = {3131388},
 publisher = {ACM},
 address = {New York, NY, USA},
 keywords = {latency, overlay network, relay, triangle inequality violation},
} 


@inproceedings{Labovitz:2010:IIT:1851182.1851194,
 author = {Labovitz, Craig and Iekel-Johnson, Scott and McPherson, Danny and Oberheide, Jon and Jahanian, Farnam},
 title = {Internet Inter-domain Traffic},
 booktitle = {Proceedings of the ACM SIGCOMM 2010 Conference},
 series = {SIGCOMM '10},
 year = {2010},
 isbn = {978-1-4503-0201-2},
 location = {New Delhi, India},
 pages = {75--86},
 numpages = {12},
 url = {http://doi.acm.org/10.1145/1851182.1851194},
 doi = {10.1145/1851182.1851194},
 acmid = {1851194},
 publisher = {ACM},
 address = {New York, NY, USA},
 keywords = {architecture, inter-domain traffic, internet, peering policies},
} 

@inproceedings{Augustin:2009:IM:1644893.1644934,
 author = {Augustin, Brice and Krishnamurthy, Balachander and Willinger, Walter},
 title = {IXPs: Mapped?},
 booktitle = {Proceedings of the 9th ACM SIGCOMM Conference on Internet Measurement},
 series = {IMC '09},
 year = {2009},
 isbn = {978-1-60558-771-4},
 location = {Chicago, Illinois, USA},
 pages = {336--349},
 numpages = {14},
 url = {http://doi.acm.org/10.1145/1644893.1644934},
 doi = {10.1145/1644893.1644934},
 acmid = {1644934},
 publisher = {ACM},
 address = {New York, NY, USA},
 keywords = {ixp, peering, traceroute},
} 

@inproceedings{Chatzis:2013:BUL:2504730.2504746,
 author = {Chatzis, Nikolaos and Smaragdakis, Georgios and B\"{o}ttger, Jan and Krenc, Thomas and Feldmann, Anja},
 title = {On the Benefits of Using a Large IXP As an Internet Vantage Point},
 booktitle = {Proceedings of the 2013 Conference on Internet Measurement Conference},
 series = {IMC '13},
 year = {2013},
 isbn = {978-1-4503-1953-9},
 location = {Barcelona, Spain},
 pages = {333--346},
 numpages = {14},
 url = {http://doi.acm.org/10.1145/2504730.2504746},
 doi = {10.1145/2504730.2504746},
 acmid = {2504746},
 publisher = {ACM},
 address = {New York, NY, USA},
 keywords = {content delivery, internet exchange points, internet topology, traffic characterization},
} 

@INPROCEEDINGS{Periscope,
       Author = {Giotsas, V. and Dhamdhere, A. and claffy, k.}, 
       Title = {{Periscope: Unifying Looking Glass Querying}},
       BookTitle = {Passive and Active Network Measurement Workshop (PAM)},
       Month = {Mar},
       Year = {2016},
       Keywords = {active data analysis   measurement methodology   routing   topology   software/tools   congestion}
}
  
@inproceedings{Luckie:2016:BIB:2987443.2987467,
 author = {Luckie, Matthew and Dhamdhere, Amogh and Huffaker, Bradley and Clark, David and claffy, kc},
 title = {Bdrmap: Inference of Borders Between IP Networks},
 booktitle = {Proceedings of the 2016 Internet Measurement Conference},
 series = {IMC '16},
 year = {2016},
 isbn = {978-1-4503-4526-2},
 location = {Santa Monica, California, USA},
 pages = {381--396},
 numpages = {16},
 url = {http://doi.acm.org/10.1145/2987443.2987467},
 doi = {10.1145/2987443.2987467},
 acmid = {2987467},
 publisher = {ACM},
 address = {New York, NY, USA},
 keywords = {internet topology, router ownership},
} 

@inproceedings{Giotsas:2017:DPI:3098822.3098855,
 author = {Giotsas, Vasileios and Dietzel, Christoph and Smaragdakis, Georgios and Feldmann, Anja and Berger, Arthur and Aben, Emile},
 title = {Detecting Peering Infrastructure Outages in the Wild},
 booktitle = {Proceedings of the Conference of the ACM Special Interest Group on Data Communication},
 series = {SIGCOMM '17},
 year = {2017},
 isbn = {978-1-4503-4653-5},
 location = {Los Angeles, CA, USA},
 pages = {446--459},
 numpages = {14},
 url = {http://doi.acm.org/10.1145/3098822.3098855},
 doi = {10.1145/3098822.3098855},
 acmid = {3098855},
 publisher = {ACM},
 address = {New York, NY, USA},
 keywords = {BGP Community, Colocation, IXP, Interconnection Facility, Outages, Peering, Resilience},
} 

@inproceedings{Marder:2016:MMA:2987443.2987468,
 author = {Marder, Alexander and Smith, Jonathan M.},
 title = {MAP-IT: Multipass Accurate Passive Inferences from Traceroute},
 booktitle = {Proceedings of the 2016 Internet Measurement Conference},
 series = {IMC '16},
 year = {2016},
 isbn = {978-1-4503-4526-2},
 location = {Santa Monica, California, USA},
 pages = {397--411},
 numpages = {15},
 url = {http://doi.acm.org/10.1145/2987443.2987468},
 doi = {10.1145/2987443.2987468},
 acmid = {2987468},
 publisher = {ACM},
 address = {New York, NY, USA},
 keywords = {inter-as links, interconnections, internet measurment, traceroute},
}

@inproceedings{DissectingBrazilianIXP,
author = {Henrique Bucke Brito, Samuel and Santos, Mateus and Fontes, Ramon and Perez, Danny and Esteve Rothenberg, Christian},
year = {2016},
month = {04},
pages = {},
title = {Dissecting the Largest National Ecosystem of Public Internet eXchange Points in Brazil}
}

@misc{IXbr,
  title = {IX.br - Brazilian Public IXP Project},
  howpublished = {\url{https://ix.br/intro}},
  year = 2018
}

@inproceedings{Luckie:2013:RCC:2504730.2504735,
 author = {Luckie, Matthew and Huffaker, Bradley and Dhamdhere, Amogh and Giotsas, Vasileios and claffy, kc},
 title = {AS Relationships, Customer Cones, and Validation},
 booktitle = {Proceedings of the 2013 Conference on Internet Measurement Conference},
 series = {IMC '13},
 year = {2013},
 isbn = {978-1-4503-1953-9},
 location = {Barcelona, Spain},
 pages = {243--256},
 numpages = {14},
 url = {http://doi.acm.org/10.1145/2504730.2504735},
 doi = {10.1145/2504730.2504735},
 acmid = {2504735},
 publisher = {ACM},
 address = {New York, NY, USA},
 keywords = {AS relationships, customer cone, routing policies},
} 


